@article{Behnke:2013xla,
      author         = "Behnke, Ties and Brau, James E. and Foster, Brian and
                        Fuster, Juan and Harrison, Mike and Paterson, James McEwan
                        and Peskin, Michael and Stanitzki, Marcel and Walker,
                        Nicholas and Yamamoto, Hitoshi",
      title          = "{The International Linear Collider Technical Design
                        Report - Volume 1: Executive Summary}",
      year           = "2013",
      eprint         = "1306.6327",
      archivePrefix  = "arXiv",
      primaryClass   = "physics.acc-ph",
      reportNumber   = "ILC-REPORT-2013-040, ANL-HEP-TR-13-20,
                        BNL-100603-2013-IR, IRFU-13-59, CERN-ATS-2013-037,
                        COCKCROFT-13-10, CLNS-13-2085, DESY-13-062,
                        FERMILAB-TM-2554, IHEP-AC-ILC-2013-001, INFN-13-04-LNF,
                        JAI-2013-001, JINR-E9-2013-35, JLAB-R-2013-01,
                        KEK-REPORT-2013-1, KNU-CHEP-ILC-2013-1, LLNL-TR-635539,
                        SLAC-R-1004, ILC-HIGRADE-REPORT-2013-003",
      SLACcitation   = "%%CITATION = ARXIV:1306.6327;%%"
}

@article{Baer:2013cma,
      author         = "Baer, Howard and Barklow, Tim and Fujii, Keisuke and Gao,
                        Yuanning and Hoang, Andre and Kanemura, Shinya and List,
                        Jenny and Logan, Heather E. and Nomerotski, Andrei and
                        Perelstein, Maxim and others ",
      title          = "{The International Linear Collider Technical Design
                        Report - Volume 2: Physics}",
      year           = "2013",
      eprint         = "1306.6352",
      archivePrefix  = "arXiv",
      primaryClass   = "hep-ph",
      reportNumber   = "ILC-REPORT-2013-040, ANL-HEP-TR-13-20,
                        BNL-100603-2013-IR, IRFU-13-59, CERN-ATS-2013-037,
                        COCKCROFT-13-10, CLNS-13-2085, DESY-13-062,
                        FERMILAB-TM-2554, IHEP-AC-ILC-2013-001, INFN-13-04-LNF,
                        JAI-2013-001, JINR-E9-2013-35, JLAB-R-2013-01,
                        KEK-REPORT-2013-1, KNU-CHEP-ILC-2013-1, LLNL-TR-635539,
                        SLAC-R-1004, ILC-HIGRADE-REPORT-2013-003",
      SLACcitation   = "%%CITATION = ARXIV:1306.6352;%%"
}

@article{Adolphsen:2013kya,
      author         = "Adolphsen, Chris and Barone, Maura and Barish, Barry and
                        Buesser, Karsten and Burrows, Philip and Carwardine, John
                        and Clark, Jeffrey and Mainaud Durand, H�l�ne and Dugan,
                        Gerry and Elsen, Eckhard and others ",
      title          = "{The International Linear Collider Technical Design
                        Report - Volume 3.II: Accelerator Baseline Design}",
      year           = "2013",
      eprint         = "1306.6328",
      archivePrefix  = "arXiv",
      primaryClass   = "physics.acc-ph",
      reportNumber   = "ILC-REPORT-2013-040, ANL-HEP-TR-13-20,
                        BNL-100603-2013-IR, IRFU-13-59, CERN-ATS-2013-037,
                        COCKCROFT-13-10, CLNS-13-2085, DESY-13-062,
                        FERMILAB-TM-2554, IHEP-AC-ILC-2013-001, INFN-13-04-LNF,
                        JAI-2013-001, JINR-E9-2013-35, JLAB-R-2013-01,
                        KEK-REPORT-2013-1, KNU-CHEP-ILC-2013-1, LLNL-TR-635539,
                        SLAC-R-1004, ILC-HIGRADE-REPORT-2013-003",
      SLACcitation   = "%%CITATION = ARXIV:1306.6328;%%"
}

@article{Behnke:2013lya,
      author         = "Abramowicz, Halina and others",
      editor         = "Behnke, Ties and Brau, James E. and Burrows, Philip N.
                        and Fuster, Juan and Peskin, Michael and Stanitzki, Marcel
                        and Sugimoto, Yasuhiro and Yamada, Sakue and Yamamoto,
                        Hitoshi",
      title          = "{The International Linear Collider Technical Design
                        Report - Volume 4: Detectors}",
      year           = "2013",
      eprint         = "1306.6329",
      archivePrefix  = "arXiv",
      primaryClass   = "physics.ins-det",
      reportNumber   = "ILC-REPORT-2013-040, ANL-HEP-TR-13-20,
                        BNL-100603-2013-IR, IRFU-13-59, CERN-ATS-2013-037,
                        COCKCROFT-13-10, CLNS-13-2085, DESY-13-062,
                        FERMILAB-TM-2554, IHEP-AC-ILC-2013-001, INFN-13-04-LNF,
                        JAI-2013-001, JINR-E9-2013-35, JLAB-R-2013-01,
                        KEK-REPORT-2013-1, KNU-CHEP-ILC-2013-1, LLNL-TR-635539,
                        SLAC-R-1004, ILC-HIGRADE-REPORT-2013-003",
      SLACcitation   = "%%CITATION = ARXIV:1306.6329;%%"
}

@article{Aihara:2009ad,
      author         = "Aihara, H. and Burrows, P. and Oreglia, M. and Berger, E.
                        L. and Guarino, V. and Repond, J. and Weerts, H. and Xia,
                        L. and Zhang, J. and Zhang, Q. and others ",
      title          = "{SiD Letter of Intent}", 
      collaboration  = "SiD Detector Consortium",
      year           = "2009",
      eprint         = "0911.0006",
      archivePrefix  = "arXiv",
      primaryClass   = "physics.ins-det",
      reportNumber   = "SLAC-R-989, FERMILAB-LOI-2009-01, FERMILAB-PUB-09-681-E",
      SLACcitation   = "%%CITATION = ARXIV:0911.0006;%%"
}

@article{Evans:2017rvt,
      author         = "Evans, Lyn and Michizono, Shinichiro",
      title          = "{The International Linear Collider Machine Staging Report
                        2017}",
      collaboration  = "Linear Collider Collaboration",
      year           = "2017",
      eprint         = "1711.00568",
      archivePrefix  = "arXiv",
      primaryClass   = "physics.acc-ph",
      reportNumber   = "KEK-2017-3, DESY-17-180, CERN-ACC-2017-0097",
      SLACcitation   = "%%CITATION = ARXIV:1711.00568;%%"
}

@article{Lepage:2014fla,
      author         = "Lepage, G. Peter and Mackenzie, Paul B. and Peskin,
                        Michael E.",
      title          = "{Expected Precision of Higgs Boson Partial Widths within
                        the Standard Model}",
      year           = "2014",
      eprint         = "1404.0319",
      archivePrefix  = "arXiv",
      primaryClass   = "hep-ph",
      reportNumber   = "FERMILAB-PUB-14-068-T, SLAC-PUB-15936,
                        FERMILAB--PUB--14--068--T, SLAC--PUB--15936",
      SLACcitation   = "%%CITATION = ARXIV:1404.0319;%%"
}

@article{Barklow:2017suo,
      author         = "Barklow, Tim and Fujii, Keisuke and Jung, Sunghoon and
                        Karl, Robert and List, Jenny and Ogawa, Tomohisa and
                        Peskin, Michael E. and Tian, Junping",
      title          = "{Improved Formalism for Precision Higgs Coupling Fits}",
      journal        = "Phys. Rev.",
      volume         = "D97",
      year           = "2018",
      number         = "5",
      pages          = "053003",
      doi            = "10.1103/PhysRevD.97.053003",
      eprint         = "1708.08912",
      archivePrefix  = "arXiv",
      primaryClass   = "hep-ph",
      reportNumber   = "DESY-17-120, KEK-PREPRINT-2017-22, SLAC-PUB-17129",
      SLACcitation   = "%%CITATION = ARXIV:1708.08912;%%"
}

@article{Fujii:2017vwa,
      author         = "Fujii, Keisuke and others",
      title          = "{Physics Case for the 250 GeV Stage of the International
                        Linear Collider}",
      year           = "2017",
      eprint         = "1710.07621",
      archivePrefix  = "arXiv",
      primaryClass   = "hep-ex",
      reportNumber   = "DESY-17-155 / KEK Preprint 2017-31 / LAL 17-059 /
                        SLAC-PUB-17161, DESY-17-155, KEK-PREPRINT-2017-31,
                        LAL-17-059, SLAC-PUB-17161,
                        DESY-17-155---KEK-PREPRINT-2017-31---LAL-17-059---SLAC-PUB-17161",
      SLACcitation   = "%%CITATION = ARXIV:1710.07621;%%"
}
 
@article{Liu:2016zki,
      author         = "Liu, Zhen and Wang, Lian-Tao and Zhang, Hao",
      title          = "{Exotic decays of the 125 GeV Higgs boson at future
                        $e^+e^-$ lepton colliders}",
      journal        = "Chin. Phys.",
      volume         = "C41",
      year           = "2017",
      number         = "6",
      pages          = "063102",
      doi            = "10.1088/1674-1137/41/6/063102",
      eprint         = "1612.09284",
      archivePrefix  = "arXiv",
      primaryClass   = "hep-ph",
      reportNumber   = "FERMILAB-PUB-16-608-T",
      SLACcitation   = "%%CITATION = ARXIV:1612.09284;%%"
}

@article{Abe:2010aa,
      author         = "Abe, Toshinori and others",
      title          = "{The International Large Detector: Letter of Intent}",
      collaboration  = "Linear Collider ILD Concept Group",
      doi            = "10.2172/975166",
      year           = "2010",
      eprint         = "1006.3396",
      archivePrefix  = "arXiv",
      primaryClass   = "hep-ex",
      reportNumber   = "FERMILAB-LOI-2010-03, FERMILAB-PUB-09-682-E, DESY-09-87,KEK-REPORT-2009-6",
      SLACcitation   = "%%CITATION = ARXIV:1006.3396;%%"
}


@article{H2aaLHC, 
      author         = "ATLAS Collab.",
      title        = "{Our long report in preparation}",
      year       = "2015",
      journal   = " EPJ Web of Conferences 95, 04031",
      archivePrefix  = "arXiv",
      primaryClass   = "physics.acc-ph",
      reportNumber   = "ILC-REPORT-2013-040, ANL-HEP-TR-13-20",
      SLACcitation   = "%%CITATION = ARXIV:1306.6328;%%"
}

@article{LHCHiggssummary,
      author         = "G. Piacquadio",
      title        = "{LHC Higgs summary}",
      year       = "2018",
      journal         = " plenary lecture at ICHEP 2018",
    howpublished = "\url{indico.cern.ch/event/686555/contributions/3028073}" 
}

"@article{Yellow,
   author = "LHC",
   title = "{HL-LHC Yellow Report}",
   year = "2018",
   journal = "HL-LHC Yellow Report"
}


@article{Higgsino,
      author         = "{M.~Berggren, F.~Br\"ummer, J.~List, 
      G.~Moortgat-Pick, T.~Robens, K.~Rolbiecki and H.~Sert}",
      title        = "{Higgsino at ILC}",
      year       = "2013",
      journal         = "  Eur.\ Phys.\ J.\ C {\bf 73},  2660",
      eprint         = "1307.3566 [hep-ph]",
      archivePrefix  = "arXiv",
      primaryClass   = "hep-ph",
}


@article{eetobb1,
      author         = "Funatsu, Shuichiro and Hatanaka, Hisaki and Hosotani,
                        Yutaka and Orikasa, Yuta",
      title          = "{Distinct signals of the gauge-Higgs unification in
                        $e^+e^-$ collider experiments}",
      journal        = "Phys. Lett.",
      volume         = "B775",
      year           = "2017",
      pages          = "297-302",
      doi            = "10.1016/j.physletb.2017.10.068",
      eprint         = "1705.05282",
      archivePrefix  = "arXiv",
      primaryClass   = "hep-ph",
      reportNumber   = "KEK-TH-1978, OU-HET-934",
      SLACcitation   = "%%CITATION = ARXIV:1705.05282;%%"
}

@article{eetobb2,
      author         = "Yoon, Jongmin and Peskin, Michael E.",
      title          = "{Fermion Pair Production in SO(5) x U(1) Gauge-Higgs
                        Unification Models}",
      year           = "2018",
      eprint         = "1811.07877",
      archivePrefix  = "arXiv",
      primaryClass   = "hep-ph",
      reportNumber   = "SLAC-PUB-17356",
      SLACcitation   = "%%CITATION = ARXIV:1811.07877;%%"
}

@article{ILCforESS,
      author         = "Peskin, M and others ",
      title          = "{Our long report in preparation}",
      year           = "2018",
      eprint         = "17xx.xxxx",
      archivePrefix  = "arXiv",
      primaryClass   = "physics.acc-ph",
      reportNumber   = "ILC-REPORT-2013-040, ANL-HEP-TR-13-20",
      SLACcitation   = "%%CITATION = ARXIV:1306.6328;%%"
}

@article{kekactionplan,
    author ="{KEK-ILC Action Plan Working Group}", 
    year = "2016",
    title= "{KEK-ILC Action Plan}",
    howpublished = "\url{http://www.kek.jp/en/NewsRoom/Release/KEK-ILC_ActionPlan_160106-EN.pdf}"
}

@article{Grishanov:2005ek,
      author         = "Grishanov, Boris Ivanovich and others",
      title          = "{ATF2 Proposal}",
      collaboration  = "ATF2",
      year           = "2005",
      reportNumber   = "SLAC-R-771, CERN-AB-2005-035, CLIC-NOTE-636, DESY-05-148,
                        ILC-ASIA-2005-22, JAI-2005-002, KEK-REPORT-2005-2,
                        UT-ICEPP-05-02",
      SLACcitation   = "%%CITATION = SLAC-R-771;%%"
}
@article{Grishanov:2006kx,
      author         = "Grishanov, B. I. and others",
      title          = "{ATF2 proposal. Vol. 2}",
      collaboration  = "ATF2",
      year           = "2006",
      eprint         = "physics/0606194",
      archivePrefix  = "arXiv",
      primaryClass   = "physics",
      reportNumber   = "DESY-06-001, CERN-AB-2006-004, ILC-ASIA-2005-26,
                        JAI-2006-001, KEK-REPORT-2005-9, SLAC-R-796,
                        UT-ICEPP-05-04",
      SLACcitation   = "%%CITATION = PHYSICS/0606194;%%"
}

@misc{ejade,
    author ="{E-JADE}", 
    year = "2016",
    title = "{E-JADE Europe-Japan Accelerator Development Exchange Programme }",
    howpublished = "\url{http:\\www.e-jade.eu}"
}

@report{ejade-report,
    author ="{E-JADE}", 
    title = "{Preparation plan for European participation in the International Linear Collider}",
    year = "2018",
    howpublished = "\url{http://www.e-jade.eu}"
}

@article{Aicheler:2012bya,
      author         = "Aicheler, M and Burrows, P and Draper, M and Garvey, T
                        and Lebrun, P and Peach, K and Phinney, N and Schmickler,
                        H and Schulte, D and Toge, N",
      title          = "{A Multi-TeV Linear Collider Based on CLIC Technology}",
      doi            = "10.5170/CERN-2012-007",
      year           = "2012",
      reportNumber   = "CERN-2012-007, SLAC-R-985, KEK-Report-2012-1, PSI-12-01,
                        JAI-2012-001",
      SLACcitation   = "%%CITATION = CERN-2012-007;%%"
}
@article{Linssen:2012hp,
      author         = "Linssen, Lucie and Miyamoto, Akiya and Stanitzki, Marcel
                        and Weerts, Harry",
      title          = "{Physics and Detectors at CLIC: CLIC Conceptual Design
                        Report}",
      doi            = "10.5170/CERN-2012-003",
      year           = "2012",
      eprint         = "1202.5940",
      archivePrefix  = "arXiv",
      primaryClass   = "physics.ins-det",
      reportNumber   = "CERN-2012-003, ANL-HEP-TR-12-01, DESY-12-008,
                        KEK-REPORT-2011-7",
      SLACcitation   = "%%CITATION = ARXIV:1202.5940;%%"
}
@report{Nomura-eng, 
	author ="{Nomura}", 
	year = "2016",
	title= "{Survey and Analysis of the Technical Feasibility of the ILC Project and Technical Issues Posed by Construction of the ILC Accelerator}"
}
@report{ILCPIP, 
	author ="B. Foster (ed)", 
	year= 2016, 
	title= "{Revised ILC Project Implementation Planning}", 
	howpublished = "\url{https://edmsdirect.desy.de/edmsdirect/file.jsp?edmsid=D00000001115765}"
}

@misc{ILCESU1,
      author         = "Brau, James and {\it et.al.}",
      title          = "The International Linear Collider: A Global Project",
      year           = "2018",
    howpublished =    "\url{http://ilchome.web.cern.ch/sites/ilchome.web.cern.ch/files/ILC_Global_Project_Final.pdf}" 
}

@misc{ILCESU2, 
	author ="J. Fuster", 
	year= 2018, 
	title= "{The International Linear Collider - An European Perspective}", 
	howpublished = "\url{http://ilchome.web.cern.ch/sites/ilchome.web.cern.ch/files/ILC_European_Perspective_Final.pdf}"
}
@misc{fwdrefIDR, 
	author ="T. Behnke {\it et.al.}", 
	title= "{The ILD Design Report}", 
	howpublished = "to be published"
}

@unpublished{FusterECFA2016, 
	author ="J. Fuster", 
	year= 2015, 
	title= "{ECFA linear collider physics and detector study - Status Report 2015}", 
	howpublished = "\url{https://indico.cern.ch/event/453274/contributions/1117947/attachments/1190610/1728902/ECFA-LC-PhysRD-Nov2015.pdf}"
}

@unpublished{HSF, 
	title= "{HEP Software Foundation, \\ https://hepsoftwarefoundation.org}"
}

@article{bib:ilcsoft,
    author ="{iLCSoft authors}", 
    year = "2016",
    title= "{iLCSoft Project Page}",
    howpublished = "\url{https://github.com/iLCSoft}"
}


@ARTICLE{bib:Marlin,
  author = {Gaede, F.},
  title = {{Marlin and LCCD: Software tools for the ILC}},
  journal = {Nucl.Instrum.Meth.},
  year = {2006},
  volume = {A559},
  pages = {177-180},
  bdsk-url-1 = {http://dx.doi.org/10.1016/j.nima.2005.11.138},
  doi = {10.1016/j.nima.2005.11.138},
  slaccitation = {%%CITATION = NUIMA,A559,177;%%}
}

@article{bib:dd4hep,
      author         = "Frank, Markus and Gaede, F. and Grefe, C. and Mato, P.",
      title          = "{DD4hep: A Detector Description Toolkit for HEP Experiments}",
      booktitle      = "{20th Int. Conf. on Computing
                        in HEP and Nuc. Phys. (CHEP 2013)}",
      journal        = "J. Phys. Conf. Ser.",
      volume         = "513",
      year           = "2014",
      pages          = "022010",
      doi            = "10.1088/1742-6596/513/2/022010",
      SLACcitation   = "%%CITATION = 00462,513,022010;%%"
}

@ARTICLE{bib:lcio,
  author = {Gaede, Frank and Behnke, Ties and Graf, Norman and Johnson, Tony},
  title = {{LCIO: A Persistency framework for linear collider simulation studies}},
  journal = {eConf},
  year = {2003},
  volume = {C0303241},
  pages = {TUKT001},
  note = {SLAC-PUB-9992, CHEP-2003-TUKT001},
  archiveprefix = {arXiv},
  eprint = {physics/0306114},
  primaryclass = {physics},
  slaccitation = {%%CITATION = PHYSICS/0306114;%%}
}

@misc{EDMS,
    author="ILD technical coordination",
    year="",
    title= "{ILD} Technical Documentation",
    howpublished="http://edmsdirect.desy.de/ildtdr"
    }

@unpublished{YWang2018, 
	author ="{Y. Wang}", 
	year= "2018", 
	title= "{ILC, CEPC and Asia View}", 
	howpublished = "\url{ http://www.scj.go.jp/ja/member/iinkai/ILC/pdf/siryo2408-4.pdf}"
}

@misc{AdvPanel, 
    year= 2018,
	title= "{Summary of the ILC Advisory Panel's Discussions}",
    howpublished = "\url{http://www.mext.go.jp/component/b\_menu/shingi/
toushin/\__icsFiles/afieldfile/2018/09/20/1409220\_2\_1.pdf"}"
}
@misc{RDliaision, 
    author ="{Strube, Jan and Titov, Maxim}",
    year= 2018,
	title= "{Linear Collider R\&D liaison report}",
    howpublished = "\url{http://linearcollider.org/physics-detectors/working-group-detector-rd-liaison}"
}

@misc{GreenILC,
  title = "{Green ILC project}",
  howpublished = "\url{http://green-ilc.in2p3.fr/home/}"
}
@ARTICLE{ild:bib:ref-gld,
  author = {Abe, Koh and others},
  title = {{GLD Detector Outline Document: Version 1.2}},
  year = {2006},
  archiveprefix = {arXiv},
  collaboration = {GLD Concept Study Group},
  eprint = {physics/0607154},
  primaryclass = {physics},
  slaccitation = {%%CITATION = PHYSICS/0607154;%%}
  }}

@ARTICLE{ild:bib:ref-ldc,
  author = {D.~Kisielewska and others},
  title = {{Detector Outline Document for the Large Detector Concept}},
  year = {2006},
  bdsk-url-1 = {http://www.ilcldc.org/documents/dod/},
  collaboration = {{LDC Working Group}},
  url = {http://ilcild.org/documents/misc-doc/ldc/outlinedoc/view}
}
  @ARTICLE{ild:bib:PandoraPFA,
  author = {Thomson, M.A.},
  title = {{Particle Flow Calorimetry and the PandoraPFA Algorithm}},
  journal = {Nucl.Instrum.Meth.},
  year = {2009},
  volume = {A611},
  pages = {25-40},
  note = {CU-HEP-09-11},
  archiveprefix = {arXiv},
  bdsk-url-1 = {http://dx.doi.org/10.1016/j.nima.2009.09.009},
  doi = {10.1016/j.nima.2009.09.009},
  eprint = {0907.3577},
  primaryclass = {physics.ins-det}
}

  
@ARTICLE{ild:bib:VTXcps3,
  author = {Greiner, L. and Anderssen, E. and Matis, H.S. and Ritter, H.G. and
	Schambach, J. and others},
  title = {{A MAPS based vertex detector for the STAR experiment at RHIC}},
  journal = {Nucl.Instrum.Meth.},
  year = {2011},
  volume = {A650},
  pages = {68-72},
  bdsk-url-1 = {http://dx.doi.org/10.1016/j.nima.2010.12.006},
  doi = {10.1016/j.nima.2010.12.006},
  slaccitation = {%%CITATION = NUIMA,A650,68;%%}
  }}

@article{Luetticke:2017zpx,
      author         = "Luetticke, Florian",
      title          = "{The ultralight {DEPFET} pixel detector of the Belle II
                        experiment}",
      booktitle      = "{Proceedings, 14th Vienna Conference on Instrumentation
                        (VCI 2016): Vienna, Austria, February 15-19, 2016}",
      collaboration  = "DEPFET",
      journal        = "Nucl. Instrum. Meth.",
      volume         = "A845",
      year           = "2017",
      pages          = "118-121",
      doi            = "10.1016/j.nima.2016.06.114",
      SLACcitation   = "%%CITATION = NUIMA,A845,118;%%"
}
  
@article{Diener:2012mc,
      author         = "Diener, R.",
      title          = "{Development of a {TPC} for an {ILC} Detector}",
      booktitle      = "{Proceedings, 2nd International Conference on Technology
                        and Instrumentation in Particle Physics 2011: Chicago,
                        Illinois, 9-14 Jun 2011}",
      collaboration  = "LCTPC",
      journal        = "Phys. Procedia",
      volume         = "37",
      year           = "2012",
      pages          = "456-463",
      doi            = "10.1016/j.phpro.2012.02.393",
      eprint         = "1203.2074",
      archivePrefix  = "arXiv",
      primaryClass   = "physics.ins-det",
      SLACcitation   = "%%CITATION = ARXIV:1203.2074;%%"
}

@article{Hauschild:2000eg,
      author         = "Hauschild, M.",
      title          = "{Particle {ID} with dE/dx at the {TESLA-TPC}}",
      booktitle      = "{Physics and Experiments with Future Linear e+ e-
                        Colliders: Proceedings, 5th International Linear Collider
                        Workshop (LCWS 2000) Batavia, Illinois, October 24-28,
                        2000}",
      journal        = "AIP Conf. Proc.",
      volume         = "578",
      year           = "2001",
      number         = "1",
      pages          = "878",
      doi            = "10.1063/1.1394446",
      SLACcitation   = "%%CITATION = APCPC,578,878;%%"
}

@article{Attie:2016yeu,
      author         = "Attie, David and others",
      title          = "{A Time Projection Chamber with GEM-Based Readout}",
      collaboration  = "LCTPC",
      journal        = "Nucl. Instrum. Meth.",
      volume         = "A856",
      year           = "2017",
      pages          = "109-118",
      doi            = "10.1016/j.nima.2016.11.002",
      eprint         = "1604.00935",
      archivePrefix  = "arXiv",
      primaryClass   = "physics.ins-det",
      reportNumber   = "DESY-16-059, DESY 16-059",
      SLACcitation   = "%%CITATION = ARXIV:1604.00935;%%"
}

@article{Bouchez:2007pe,
      author         = "Bouchez, J. and others",
      title          = "{Bulk micromegas detectors for large TPC applications}",
      journal        = "Nucl. Instrum. Meth.",
      volume         = "A574",
      year           = "2007",
      pages          = "425-432",
      doi            = "10.1016/j.nima.2007.02.074",
      reportNumber   = "DAPNIA-07-02",
      SLACcitation   = "%%CITATION = NUIMA,A574,425;%%"
}
@article{Irles:2018uum,
      author         = "Irles, Adrián",
      title          = "{Latest R\&D news and beam test performance of the highly
                        granular SiW-ECAL technological prototype for the ILC}",
      booktitle      = "{Proceedings, International Conference on Calorimetry for
                        the High Energy Frontier (CHEF 2017): Lyon, France,
                        October 2-6, 2017}",
      collaboration  = "CALICE",
      journal        = "JINST",
      volume         = "13",
      year           = "2018",
      number         = "02",
      pages          = "C02038",
      doi            = "10.1088/1748-0221/13/02/C02038",
      eprint         = "1802.08806",
      archivePrefix  = "arXiv",
      primaryClass   = "physics.ins-det",
      reportNumber   = "AIDA-2020-CONF-2017-010",
      SLACcitation   = "%%CITATION = ARXIV:1802.08806;%%"
}
@inproceedings{Laktineh:2010zsa,
      author         = "Laktineh, I.",
      title          = "{Construction of a technological semi-digital Hadronic
                        calorimeter prototype for {ILC}}",
      booktitle      = "{Proceedings, 2010 IEEE Nuclear Science Symposium and
                        Medical Imaging Conference (NSS/MIC 2010): Knoxville,
                        Tennessee, October 30-November 6, 2010}",
      collaboration  = "CALICE",
      year           = "2010",
      pages          = "1800-1803",
      doi            = "10.1109/NSSMIC.2010.5874085",
      SLACcitation   = "%%CITATION = INSPIRE-1252445;%%"
}
@article{Simon:2010mi,
      author         = "Simon, Frank",
      title          = "{Beam Test Results with Highly Granular Hadron
                        Calorimeters for the ILC}",
      booktitle      = "{Proceedings, 24th International Symposium on
                        Lepton-Photon Interactions at High Energy (LP09): Hamburg,
                        Germany, August 17-22, 2009}",
      collaboration  = "CALICE",
      journal        = "Conf. Proc.",
      volume         = "C0908171",
      year           = "2009",
      pages          = "539-541",
      doi            = "10.3204/DESY-PROC-2010-04/P44",
      note           = "[,539(2010)]",
      eprint         = "1002.1012",
      archivePrefix  = "arXiv",
      primaryClass   = "physics.ins-det",
      reportNumber   = "MPP-2010-19",
      SLACcitation   = "%%CITATION = ARXIV:1002.1012;%%"
}
@article{Sefkow:2015hna,
      author         = "Sefkow, Felix and White, Andy and Kawagoe, Kiyotomo and
                        Poeschl, Roman and Repond, Jose",
      title          = "{Experimental Tests of Particle Flow Calorimetry}",
      journal        = "Rev. Mod. Phys.",
      volume         = "88",
      year           = "2016",
      pages          = "015003",
      doi            = "10.1103/RevModPhys.88.015003",
      eprint         = "1507.05893",
      archivePrefix  = "arXiv",
      primaryClass   = "physics.ins-det",
      reportNumber   = "DESY-14-032, KYUSHU-RCAPP-2015-01, LAL-15-235",
      SLACcitation   = "%%CITATION = ARXIV:1507.05893;%%"
}
@article{Abramowicz:2010bg,
      author         = "Abramowicz, H. and others",
      title          = "{Forward Instrumentation for ILC Detectors}",
      journal        = "JINST",
      volume         = "5",
      year           = "2010",
      pages          = "P12002",
      doi            = "10.1088/1748-0221/5/12/P12002",
      eprint         = "1009.2433",
      archivePrefix  = "arXiv",
      primaryClass   = "physics.ins-det",
      reportNumber   = "DESY-10-142",
      SLACcitation   = "%%CITATION = ARXIV:1009.2433;%%"
}
@article{Fourches:2017,
    author = "N.T. Fourches", 
    title  = "Ultimate pixel based on a single transistor with deep trapping gate",
    Journal= "IEEE Transactions on Electron Devices",
    volume = "64",
    year ="2017",
    pages = "1619-1623",
    doi ="10.1109/TED.2017.2670681"
}
@inproceedings{FineCCD,
      author         = "Murai, S. and Ishikawa, A. and Sanuki, T. and Miyamoto,
                        A. and Sugimoto, Y. and Constantino, C. and Sato, H. and
                        Ikeda, H. and Yamamoto, H",
      title          = "{Recent status of FPCCD vertex detector R\&D}",
      booktitle      = "{Proceedings, International Workshop on Future Linear
                        Colliders (LCWS15): Whistler, B.C., Canada, November
                        02-06, 2015}",
      year           = "2016",
      eprint         = "1603.00009",
      archivePrefix  = "arXiv",
      primaryClass   = "physics.ins-det",
      SLACcitation   = "%%CITATION = ARXIV:1603.00009;%%"
}
@inproceedings{Sefkow:2018rhp,
      author         = "Sefkow, Felix and Simon, Frank",
      title          = "{A highly granular SiPM-on-tile calorimeter prototype}",
      booktitle      = "{18th International Conference on Calorimetry in Particle
                        Physics (CALOR 2018) Eugene, Oregon, USA, May 21-25,
                        2018}",
      collaboration  = "CALICE",
      year           = "2018",
      eprint         = "1808.09281",
      archivePrefix  = "arXiv",
      primaryClass   = "physics.ins-det",
      SLACcitation   = "%%CITATION = ARXIV:1808.09281;%%"
}
@inproceedings{Bozovic-Jelisavcic:2014aza,
      author         = "Bozovic-Jelisavcic, I. and Lukic, S. and Pandurovic, M.
                        and Smiljanic, I.",
      title          = "{Precision luminosity measurement at ILC}",
      booktitle      = "{International Workshop on Future Linear Colliders
                        (LCWS13) Tokyo, Japan, November 11-15, 2013}",
      year           = "2014",
      eprint         = "1403.7348",
      archivePrefix  = "arXiv",
      primaryClass   = "physics.acc-ph",
      SLACcitation   = "%%CITATION = ARXIV:1403.7348;%%"
}
@article{Grenier:2017ewg,
      author         = "Grenier, Gerald",
      title          = "{Technological Prototypes and Result Highlights of Highly
                        Granular Calorimeters}",
      booktitle      = "{Proceedings, 2017 European Physical Society Conference
                        on High Energy Physics (EPS-HEP 2017): Venice, Italy, July
                        5-12, 2017}",
      collaboration  = "CALICE",
      journal        = "PoS",
      volume         = "EPS-HEP2017",
      year           = "2017",
      pages          = "497",
      doi            = "10.22323/1.314.0497",
      SLACcitation   = "%%CITATION = POSCI,EPS-HEP2017,497;%%"
}
@misc{LCWS2018,
    author= "Frank Gaede, Talk at the LCWS 2018 conference",
    title="{Linear Collider Workshop 2018 in Arlington, USA}",
    year="2018",
    howpublished="\url{https://agenda.linearcollider.org/event/7889/}"
}
@article{Barklow:2015tja,
    author = "Barklow, T. and Brau, J. and Fujii, K. and Gao, J. and List, J. and Walker, N. and Yokoya, K.",
    reportNumber = "ILC-NOTE-2015-068, DESY-15-102, IHEP-AC-2015-002, KEK-PREPRINT --2015-17, SLAC-PUB-16309",
    archivePrefix = "arXiv",
    eprint = "1506.07830",
    primaryClass = "hep-ex",
    title = "{ILC} Operating Scenarios"
}
@article{ild-dbd,
      author         = "Abramowicz, Halina and others",
      editor         = "Behnke, Ties and Brau, James E. and Burrows, Philip N.
                        and Fuster, Juan and Peskin, Michael and Stanitzki, Marcel
                        and Sugimoto, Yasuhiro and Yamada, Sakue and Yamamoto,
                        Hitoshi",
      title          = "{The International Linear Collider Technical Design
                        Report - Volume 4: Detectors}",
      year           = "2013",
      eprint         = "1306.6329",
      archivePrefix  = "arXiv",
      primaryClass   = "physics.ins-det",
      reportNumber   = "ILC-REPORT-2013-040, ANL-HEP-TR-13-20,
                        BNL-100603-2013-IR, IRFU-13-59, CERN-ATS-2013-037,
                        COCKCROFT-13-10, CLNS-13-2085, DESY-13-062,
                        FERMILAB-TM-2554, IHEP-AC-ILC-2013-001, INFN-13-04-LNF,
                        JAI-2013-001, JINR-E9-2013-35, JLAB-R-2013-01,
                        KEK-REPORT-2013-1, KNU-CHEP-ILC-2013-1, LLNL-TR-635539,
                        SLAC-R-1004, ILC-HIGRADE-REPORT-2013-003",
      SLACcitation   = "%%CITATION = ARXIV:1306.6329;%%"
}
